<?xml version="1.0" encoding="UTF-8"?><record xmlns="http://www.loc.gov/MARC21/slim" xmlns:cinclude="http://apache.org/cocoon/include/1.0" xmlns:zs="http://www.loc.gov/zing/srw/">
  <leader>00511cz  a2200133n  4500</leader>
  <controlfield tag="001">n  84021331 </controlfield>
  <controlfield tag="003">DLC</controlfield>
  <controlfield tag="005">20081123075928.0</controlfield>
  <controlfield tag="008">840428n| acannaabn          |n aaa      </controlfield>
  <datafield tag="010" ind1=" " ind2=" ">
    <subfield code="a">n  84021331 </subfield>
  </datafield>
  <datafield tag="035" ind1=" " ind2=" ">
    <subfield code="a">(OCoLC)oca01104894</subfield>
  </datafield>
  <datafield tag="040" ind1=" " ind2=" ">
    <subfield code="a">DGPO</subfield>
    <subfield code="b">eng</subfield>
    <subfield code="c">DLC</subfield>
    <subfield code="d">OCoLC</subfield>
  </datafield>
  <datafield tag="100" ind1="1" ind2=" ">
    <subfield code="a">Bransford, Jim</subfield>
  </datafield>
  <datafield tag="670" ind1=" " ind2=" ">
    <subfield code="a">Baca, L. An appropriate education for handicapped children of limited English proficiency, 1982:</subfield>
    <subfield code="b">t.p. (Jim Bransford) verso of t.p. (Prof. of Educ., BUENO Center for Multicultural Educ., Univ. of Colo., Boulder)</subfield>
  </datafield>
</record>